@inproceedings{Aggarwal:2003:FCE:1315451.1315460,
    author = {Aggarwal, Charu C. and Han, Jiawei and Wang, Jianyong and Yu, Philip S.},
    title = {A Framework for Clustering Evolving Data Streams},
    booktitle = {Proceedings of the 29th International Conference on Very Large Data Bases - Volume 29},
    series = {VLDB '03},
    year = {2003},
    isbn = {0-12-722442-4},
    location = {Berlin, Germany},
    pages = {81--92},
    numpages = {12},
    url = {http://dl.acm.org/citation.cfm?id=1315451.1315460},
    acmid = {1315460},
    publisher = {VLDB Endowment},
}

@ARTICLE{6294406,
author={H. H. {Ang} and V. {Gopalkrishnan} and I. {Zliobaite} and M. {Pechenizkiy} and S. C. H. {Hoi}},
journal={IEEE Transactions on Knowledge and Data Engineering},
title={Predictive Handling of Asynchronous Concept Drifts in Distributed Environments},
year={2013},
volume={25},
number={10},
pages={2343-2355},
keywords={distributed processing;learning (artificial intelligence);pattern classification;predictive asynchronous concept drift handling;distributed computing environment;external changes;misclassification errors;PINE ensemble approach;reactive adaptation;drift detection;proactive change handling;empirical analysis;simulated data sets;real-world data sets;communication cost;Data models;Predictive models;Accuracy;Distributed databases;Adaptation models;Detectors;Training;Data models;Predictive models;Accuracy;Distributed databases;Adaptation models;Detectors;Training;concept drift;Classification;distributed systems},
doi={10.1109/TKDE.2012.172},
ISSN={1041-4347},
month={Oct},}

@article{Gama:2014:SCD:2597757.2523813,
author = {Gama, Jo\~{a}o and \v{Z}liobait\.{e}, Indr\.{e} and Bifet, Albert and Pechenizkiy, Mykola and Bouchachia, Abdelhamid},
title = {A Survey on Concept Drift Adaptation},
journal = {ACM Comput. Surv.},
issue_date = {April 2014},
volume = {46},
number = {4},
month = mar,
year = {2014},
issn = {0360-0300},
pages = {44:1--44:37},
articleno = {44},
numpages = {37},
url = {http://doi.acm.org/10.1145/2523813},
doi = {10.1145/2523813},
acmid = {2523813},
publisher = {ACM},
address = {New York, NY, USA},
keywords = {Concept drift, adaptive learning, change detection, data streams},
}

@TECHREPORT{Tsymbal04theproblem,
    author = {Alexey Tsymbal},
    title = {The Problem of Concept Drift: Definitions and Related Work},
    institution = {},
    year = {2004}
}

@inproceedings{Wang:1997:SSI:645923.758369,
    author = {Wang, Wei and Yang, Jiong and Muntz, Richard R.},
    title = {STING: A Statistical Information Grid Approach to Spatial Data Mining},
    booktitle = {Proceedings of the 23rd International Conference on Very Large Data Bases},
    series = {VLDB '97},
    year = {1997},
    isbn = {1-55860-470-7},
    pages = {186--195},
    numpages = {10},
    url = {http://dl.acm.org/citation.cfm?id=645923.758369},
    acmid = {758369},
    publisher = {Morgan Kaufmann Publishers Inc.},
    address = {San Francisco, CA, USA},
}

@article{Pavlidis:2011:9AC:1860144.1860487,
    author = {Pavlidis, N. G. and Tasoulis, D. K. and Adams, N. M. and Hand, D. J.},
    title = {$\lambda$-Perceptronn: An Adaptive Classifier for Data Streams},
    journal = {Pattern Recogn.},
    issue_date = {January, 2011},
    volume = {44},
    number = {1},
    month = jan,
    year = {2011},
    issn = {0031-3203},
    pages = {78--96},
    numpages = {19},
    url = {http://dx.doi.org/10.1016/j.patcog.2010.07.026},
    doi = {10.1016/j.patcog.2010.07.026},
    acmid = {1860487},
    publisher = {Elsevier Science Inc.},
    address = {New York, NY, USA},
    keywords = {Classification, Forgetting, Online learning, Population drift, Streaming data},
}

@article{Guha:2003:CDS:776752.776777,
    author = {Guha, Sudipto and Meyerson, Adam and Mishra, Nina and Motwani, Rajeev and O'Callaghan, Liadan},
    title = {Clustering Data Streams: Theory and Practice},
    journal = {IEEE Trans. on Knowl. and Data Eng.},
    issue_date = {March 2003},
    volume = {15},
    number = {3},
    month = mar,
    year = {2003},
    issn = {1041-4347},
    pages = {515--528},
    numpages = {14},
    url = {http://dx.doi.org/10.1109/TKDE.2003.1198387},
    doi = {10.1109/TKDE.2003.1198387},
    acmid = {776777},
    publisher = {IEEE Educational Activities Department},
    address = {Piscataway, NJ, USA},
    keywords = {Clustering, data streams, approximation algorithms.},
}

@inproceedings{EDDM,
author = {Baena-Garc{\'{\i}}a, Manuel and del Campo-{\'{A}}vila, Jos{\'{e}} and Fidalgo, Ra{\'{u}}l and Bifet, Albert and Gavald{\'{a}}, Ricard and Morales-Bueno, Rafael},
booktitle = {In Fourth International Workshop on Knowledge Discovery from Data Streams},
citeulike-article-id = {7359988},
keywords = {concept, data, drift, learning, machine, mining},
posted-at = {2010-06-26 09:39:10},
priority = {0},
title = {{Early drift detection method}},
year = {2006}
}

@inproceedings{Bifet:2010:LBE:1888258.1888275,
    author = {Bifet, Albert and Holmes, Geoff and Pfahringer, Bernhard},
    title = {Leveraging Bagging for Evolving Data Streams},
    booktitle = {Proceedings of the 2010 European Conference on Machine Learning and Knowledge Discovery in Databases: Part I},
    series = {ECML PKDD'10},
    year = {2010},
    isbn = {3-642-15879-X, 978-3-642-15879-7},
    location = {Barcelona, Spain},
    pages = {135--150},
    numpages = {16},
    url = {http://dl.acm.org/citation.cfm?id=1888258.1888275},
    acmid = {1888275},
    publisher = {Springer-Verlag},
    address = {Berlin, Heidelberg},
}

@book{Gama:2010:KDD:1855075,
    author = {Gama, Joao},
    title = {Knowledge Discovery from Data Streams},
    year = {2010},
    isbn = {1439826110, 9781439826119},
    edition = {1st},
    publisher = {Chapman \& Hall/CRC},
}

@article{Mahdiraji:2009:CDS:1609984.1609985,
    author = {Mahdiraji, Alireza Rezaei},
    title = {Clustering Data Stream: A Survey of Algorithms},
    journal = {Int. J. Know.-Based Intell. Eng. Syst.},
    issue_date = {April 2009},
    volume = {13},
    number = {2},
    month = apr,
    year = {2009},
    issn = {1327-2314},
    pages = {39--44},
    numpages = {6},
    url = {http://dl.acm.org/citation.cfm?id=1609984.1609985},
    acmid = {1609985},
    publisher = {IOS Press},
    address = {Amsterdam, The Netherlands, The Netherlands},
    keywords = {Data stream, K-center, K-median, clustering, mining data stream, statistical grid-based},
}

@article{Perner:2009:CND:1497654.1498534,
    author = {Perner, Petra},
    title = {Concepts for Novelty Detection and Handling Based on a Case-based Reasoning Process Scheme},
    journal = {Eng. Appl. Artif. Intell.},
    issue_date = {February, 2009},
    volume = {22},
    number = {1},
    month = feb,
    year = {2009},
    issn = {0952-1976},
    pages = {86--91},
    numpages = {6},
    url = {http://dx.doi.org/10.1016/j.engappai.2008.05.003},
    doi = {10.1016/j.engappai.2008.05.003},
    acmid = {1498534},
    publisher = {Pergamon Press, Inc.},
    address = {Tarrytown, NY, USA},
    keywords = {Case-based reasoning, Handling of novel events, Novelty detection, Similarity-based reasoning, Statistical reasoning},
}

@article{Masud:2011:CNC:1978259.1978529,
    author = {Masud, Mohammad and Gao, Jing and Khan, Latifur and Han, Jiawei and Thuraisingham, Bhavani M.},
    title = {Classification and Novel Class Detection in Concept-Drifting Data Streams Under Time Constraints},
    journal = {IEEE Trans. on Knowl. and Data Eng.},
    issue_date = {June 2011},
    volume = {23},
    number = {6},
    month = jun,
    year = {2011},
    issn = {1041-4347},
    pages = {859--874},
    numpages = {16},
    url = {http://dx.doi.org/10.1109/TKDE.2010.61},
    doi = {10.1109/TKDE.2010.61},
    acmid = {1978529},
    publisher = {IEEE Educational Activities Department},
    address = {Piscataway, NJ, USA},
    keywords = {Data streams, concept-drift, novel class, ensemble classification, K-means clustering, k-nearest neighbor classification, silhouette coefficient.},
}

@article{idc_report,
    author = {Zwolenski, Matt and Weatherill, Lee},
    year = {2014},
    month = {10},
    pages = {},
    title = {The Digital Universe Rich Data and the Increasing Value of the Internet of Things},
    volume = {2},
    journal = {Australian Journal of Telecommunications and the Digital Economy},
    doi = {10.7790/ajtde.v2n3.47}
}

@article{Feigenbaum:2003:ALD:589343.592594,
 author = {Feigenbaum, Joan and Kannan, Sampath and Strauss, Martin J. and Viswanathan, Mahesh},
 title = {An Approximate L1-Difference Algorithm for  Massive Data Streams},
 journal = {SIAM J. Comput.},
 issue_date = {2003},
 volume = {32},
 number = {1},
 month = jan,
 year = {2003},
 issn = {0097-5397},
 pages = {131--151},
 numpages = {21},
 url = {https://doi.org/10.1137/S0097539799361701},
 doi = {10.1137/S0097539799361701},
 acmid = {592594},
 publisher = {Society for Industrial and Applied Mathematics},
 address = {Philadelphia, PA, USA},
 keywords = {distance approximation, streaming algorithms},
} 